% Encoding: UTF-8

@article{alian2014photoplethysmography,
  title={Photoplethysmography},
  author={Alian, Aymen A and Shelley, Kirk H},
  journal={Best Practice \& Research Clinical Anaesthesiology},
  volume={28},
  number={4},
  pages={395--406},
  year={2014},
  publisher={Elsevier}
}

@article{instruments2002electricity,
  title={The electricity safety, quality and continuity regulations},
  author={Instruments, Statutory},
  year={2002},
  publisher={The National Archives, HM Government. Available: http://www. legislation~…}
}

@article{chang2018micro,
  title={Micro-piezoelectric pulse diagnoser and frequency domain analysis of human pulse signals},
  author={Chang, Hung and Chen, Jiaxu and Liu, Yueyun},
  journal={Journal of Traditional Chinese Medical Sciences},
  volume={5},
  number={1},
  pages={35--42},
  year={2018},
  publisher={Elsevier}
}

@article{Kavsaoglu2015,
  title={Non-invasive prediction of hemoglobin level using machine learning techniques with the PPG signal's characteristics features},
  author={Kavsaoğlu AR, Polat K, Hariharan M},
  journal={Applied Soft Computing},
  volume={37},
  number={3},
  pages={983--991},
  year={2015},
  publisher={Elsevier}
}

@article{article,
author = {Park, Chanki and Shin, Hyunsoon and Lee, Boreom},
year = {2017},
month = {04},
pages = {860},
title = {Blockwise PPG Enhancement Based on Time-Variant Zero-Phase Harmonic Notch Filtering},
volume = {17},
journal = {Sensors},
doi = {10.3390/s17040860}
}

